<record><leader>00000cas a22000007a 4500</leader><controlfield tag="001">12435749</controlfield><controlfield tag="008">850828d19081911mtuwr ne      0    0eng d</controlfield><datafield ind1=" " ind2=" " tag="010"><subfield code="a">sn 85053253 </subfield></datafield><datafield ind1=" " ind2=" " tag="040"><subfield code="a">MTL</subfield><subfield code="b">eng</subfield><subfield code="c">MTL</subfield><subfield code="d">OCLCQ</subfield></datafield><datafield ind1=" " ind2=" " tag="042"><subfield code="a">msc</subfield></datafield><datafield ind1="0" ind2=" " tag="130"><subfield code="a">Pony express (Pony, Mont.)</subfield></datafield><datafield ind1="1" ind2="4" tag="245"><subfield code="a">The Pony express.</subfield></datafield><datafield ind1=" " ind2=" " tag="260"><subfield code="a">Pony, Mont. :</subfield><subfield code="b">J.E. Stevens,</subfield><subfield code="c">1908-1911.</subfield></datafield><datafield ind1=" " ind2=" " tag="300"><subfield code="a">4 v. :</subfield><subfield code="b">ill. ;</subfield><subfield code="c">54 cm.</subfield></datafield><datafield ind1=" " ind2=" " tag="310"><subfield code="a">Weekly</subfield></datafield><datafield ind1="0" ind2=" " tag="362"><subfield code="a">Vol. 1, no. 1 (Apr. 23, 1908)-v. 4, no. 37 (Dec. 29, 1911).</subfield></datafield><datafield ind1=" " ind2=" " tag="752"><subfield code="a">United States</subfield><subfield code="b">Montana</subfield><subfield code="c">Madison</subfield><subfield code="d">Pony.</subfield></datafield><datafield ind1="0" ind2="0" tag="785"><subfield code="t">Pony dispatch and express</subfield><subfield code="w">(DLC)sn 85053254</subfield></datafield></record>